@article{Laenen,
  author={Laenen, Filip Van},
  title={Mutation Testing},
  urldate={2016-4-20},
  number={108},
  journal={Overload Journal},
  year={2012}
}
@misc{Coles,
author={Coles, Henry},
title={PIT Mutation Testing},
url={http://pitest.org},
urldate={2016-4-20},
journal={Pitest.org},
year={2016}
}
@ARTICLE{Madeyski,
author={L. Madeyski and N. Radyk},
journal={IET Software},
title={Judy - a mutation testing tool for java},
year={2010},
volume={4},
number={1},
pages={32-42},
keywords={DP industry;Java;program testing;software fault tolerance;software tools;MuJava mutation testing tool;fault detection;fault localisation;fault-based technique;mutation testing tool;software industry},
doi={10.1049/iet-sen.2008.0038},
ISSN={1751-8806},
month={Feb},}
@article{Jia,
 author = {Jia, Yue and Harman, Mark},
 title = {Higher Order Mutation Testing},
 journal = {Inf. Softw. Technol.},
 issue_date = {October, 2009},
 volume = {51},
 number = {10},
 month = oct,
 year = {2009},
 issn = {0950-5849},
 pages = {1379--1393},
 numpages = {15},
 url = {http://dx.doi.org/10.1016/j.infsof.2009.04.016},
 doi = {10.1016/j.infsof.2009.04.016},
 acmid = {1570728},
 publisher = {Butterworth-Heinemann},
 address = {Newton, MA, USA},
 keywords = {Higher order mutant, Mutation Testing, Search techniques},
}
@article{Jia2,
 author = {Jia, Yue and Harman, Mark},
 title = {An Analysis and Survey of the Development of Mutation Testing},
 journal = {IEEE Trans. Softw. Eng.},
 issue_date = {September 2011},
 volume = {37},
 number = {5},
 month = sep,
 year = {2011},
 issn = {0098-5589},
 pages = {649--678},
 numpages = {30},
 url = {http://dx.doi.org/10.1109/TSE.2010.62},
 doi = {10.1109/TSE.2010.62},
 acmid = {2052494},
 publisher = {IEEE Press},
 address = {Piscataway, NJ, USA},
 keywords = {Mutation testing, survey.},
} 
@INPROCEEDINGS{Gopinath, 
author={R. Gopinath and C. Jensen and A. Groce}, 
booktitle={2014 IEEE 25th International Symposium on Software Reliability Engineering}, 
title={Mutations: How Close are they to Real Faults?}, 
year={2014}, 
pages={189-200}, 
keywords={program debugging;program testing;programming languages;software fault tolerance;bug-fix change distribution;bug-fix characteristics;competent programmer hypothesis;mutant detection;mutation analysis;mutation operator;program fault detection;programming languages;syntactical patterns;test suites;testing techniques;Accuracy;Computer bugs;Java;Sociology;Software;Statistics;mutation analysis;software testing}, 
doi={10.1109/ISSRE.2014.40}, 
ISSN={1071-9458}, 
month={Nov},}
@Book{Tahchiev,
 author = {Tahchiev, Petar},
 title = {JUnit in action},
 publisher = {Manning},
 year = {2011},
 address = {Greenwich},
 isbn = {978-1-935182-02-3}
 }
